%File mb-bibtex.tex, then \jobname = mb-bibtex
\RequirePackage{filecontents}        % loading package filecontents
% writing file \jobname.bib, for example mb-bibtex.bib.
\begin{filecontents*}{\bib_refs_data.bib}

@online{AusGov2013Online,
author = {Australian Goverment},
title = {Civil Aviation Safety Authority - Differences between Unmanned Aircraft Systems (\uppercase{UAS}) and model aircraft},
month = oct,
year = {2013},
url = {http://casa.gov.au/scripts/nc.dll?WCMS:STANDARD::pc=PC_100375}
}

@inproceedings{bestfiducial,
title = {{What is the best fiducial?} },
author = {{C B Owen, F Xiao, P Middlin}},
year = "2002",
booktitle = {{Augmented Reality Toolkit, The First IEEE International Workshop}},
organization={{Institute of Electrical and Electronics Engineers}}
}

@mastersthesis{
        geipel2012microuav,
	author = {J Geipel},
	title = "Improved \uppercase{DGNSS}-based Positioning of Micro\uppercase{UAV} Platforms for Sensor Web Services",
	school = {University of Münster Institute for Geoinformatics},
	month = feb,
	year = {2012}
}

@inproceedings{ardrone2011,
  title={{The Navigation and Control technology inside the AR.Drone micro UAV}},
  author={{P Bristeau ,F Callou, D Vissière, N Petit }},
  month=aug,
  year="2011" ,
  booktitle={{Proceedings of the 18th IFAC World Congress}},
  organization={{International Federation of Automatic Control}}
}

@book{tabachnick2012using,
  title={Using Multivariate Statistics: International Edition},
  author={Tabachnick, Barbara G and Fidell, LS},
  year={2012},
  publisher={Pearson}
}

@article{turner2003pocus,
  title={POCUS: mining genomic sequence annotation to predict disease genes},
  author={Turner, Frances S and Clutterbuck, Daniel R and Semple, Colin AM and others},
  journal={Genome biology},
  volume={4},
  number={11},
  pages={R75--R75},
  year={2003},
  publisher={BioMed Central Ltd}
}

@incollection{pei2000mining,
  title={Mining access patterns efficiently from web logs},
  author={Pei, Jian and Han, Jiawei and Mortazavi-Asl, Behzad and Zhu, Hua},
  booktitle={Knowledge Discovery and Data Mining. Current Issues and New Applications},
  pages={396--407},
  year={2000},
  publisher={Springer}
}

@inproceedings{parthasarathy1999incremental,
  title={Incremental and interactive sequence mining},
  author={Parthasarathy, Srinivasan and Zaki, Mohammed Javeed and Ogihara, Mitsunori and Dwarkadas, Sandhya},
  booktitle={Proceedings of the eighth international conference on Information and knowledge management},
  pages={251--258},
  year={1999},
  organization={ACM}
}

@Manual{ rmanual,
        title = {R: A Language and Environment for Statistical Computing},
        author = {{R Core Team}},
        organization = {R Foundation for Statistical Computing},
        address = {Vienna, Austria},
        year = {2013},
        url = {http://www.R-project.org/},
}
  
  
  @article{jordan1996exploring,
          title={Exploring the causes of early dropout among race-ethnic and gender groups},
          author={Jordan, Will J and Lara, Julia and McPartland, James M},
          journal={Youth \& Society},
          volume={28},
          number={1},
          pages={62--94},
          year={1996},
          publisher={Sage Publications}
  }
\end{filecontents*}