@article{caulkins1996adjusting,
  title={Adjusting GPA to reflect course difficulty},
  author={Caulkins, Jonathan P and Larkey, Patrick D and Wei, Jifa},
  year={1996}
}

@book{tabachnick2012using,
  title={Using Multivariate Statistics: International Edition},
  author={Tabachnick, Barbara G and Fidell, LS},
  year={2012},
  publisher={Pearson}
}

@article{turner2003pocus,
  title={POCUS: mining genomic sequence annotation to predict disease genes},
  author={Turner, Frances S and Clutterbuck, Daniel R and Semple, Colin AM and others},
  journal={Genome biology},
  volume={4},
  number={11},
  pages={R75--R75},
  year={2003},
  publisher={BioMed Central Ltd}
}

@incollection{pei2000mining,
  title={Mining access patterns efficiently from web logs},
  author={Pei, Jian and Han, Jiawei and Mortazavi-Asl, Behzad and Zhu, Hua},
  booktitle={Knowledge Discovery and Data Mining. Current Issues and New Applications},
  pages={396--407},
  year={2000},
  publisher={Springer}
}

@article{zaki2001spade,
  title={SPADE: An efficient algorithm for mining frequent sequences},
  author={Zaki, Mohammed J},
  journal={Machine learning},
  volume={42},
  number={1-2},
  pages={31--60},
  year={2001},
  publisher={Springer}
}

@inproceedings{ester2002web,
  title={Web site mining: a new way to spot competitors, customers and suppliers in the world wide web},
  author={Ester, Martin and Kriegel, Hans-Peter and Schubert, Matthias},
  booktitle={Proceedings of the eighth ACM SIGKDD international conference on Knowledge discovery and data mining},
  pages={249--258},
  year={2002},
  organization={ACM}
}

@inproceedings{parthasarathy1999incremental,
  title={Incremental and interactive sequence mining},
  author={Parthasarathy, Srinivasan and Zaki, Mohammed Javeed and Ogihara, Mitsunori and Dwarkadas, Sandhya},
  booktitle={Proceedings of the eighth international conference on Information and knowledge management},
  pages={251--258},
  year={1999},
  organization={ACM}
}

@Manual{ rmanual,
	title = {R: A Language and Environment for Statistical Computing},
	author = {{R Core Team}},
	organization = {R Foundation for Statistical Computing},
	address = {Vienna, Austria},
	year = {2013},
	url = {http://www.R-project.org/},
}

@Manual{ psych,
    title = {psych: Procedures for Psychological, Psychometric, and Personality Research},
    author = {William Revelle},
    organization = { Northwestern University},
    address = { Evanston, Illinois},
    year = {2013},
    note = {R package version 1.3.10},
    url = {http://CRAN.R-project.org/package=psych},
  }
  
  
  @article{jordan1996exploring,
  	title={Exploring the causes of early dropout among race-ethnic and gender groups},
  	author={Jordan, Will J and Lara, Julia and McPartland, James M},
  	journal={Youth \& Society},
  	volume={28},
  	number={1},
  	pages={62--94},
  	year={1996},
  	publisher={Sage Publications}
  }
  
  @article{rumberger1983dropping,
  	title={Dropping out of high school: The influence of race, sex, and family background},
  	author={Rumberger, Russell W},
  	journal={American Educational Research Journal},
  	volume={20},
  	number={2},
  	pages={199--220},
  	year={1983},
  	publisher={Sage Publications}
  }
  
  @article{mcneal1995extracurricular,
  	title={Extracurricular activities and high school dropouts},
  	author={McNeal Jr, Ralph B},
  	journal={Sociology of education},
  	pages={62--80},
  	year={1995},
  	publisher={JSTOR}
  }
  
  @article{archambault2009student,
  	title={Student engagement and its relationship with early high school dropout},
  	author={Archambault, Isabelle and Janosz, Michel and Fallu, Jean-S{\'e}bastien and Pagani, Linda S},
  	journal={Journal of adolescence},
  	volume={32},
  	number={3},
  	pages={651--670},
  	year={2009},
  	publisher={Elsevier}
  }